%YAML 1.1
%TAG !u! tag:unity3d.com,2011:
--- !u!243 &-7701005429411593481
AudioMixerGroupController:
  m_ObjectHideFlags: 0
  m_CorrespondingSourceObject: {fileID: 0}
  m_PrefabInstance: {fileID: 0}
  m_PrefabAsset: {fileID: 0}
  m_Name: Music
  m_AudioMixer: {fileID: 24100000}
  m_GroupID: 95fc5111c36ec584387338326851fec3
  m_Children: []
  m_Volume: 74db2ee493f2f1345a15ac6fe72e7562
  m_Pitch: c52f31e8b7dd159479f4e58dc76d7bb0
  m_Send: 00000000000000000000000000000000
  m_Effects:
  - {fileID: 1226391112898067542}
  - {fileID: 4289415104604509874}
  - {fileID: 8517629238719581810}
  - {fileID: -5505304888075421095}
  m_UserColorIndex: 0
  m_Mute: 0
  m_Solo: 0
  m_BypassEffects: 0
--- !u!244 &-5505304888075421095
AudioMixerEffectController:
  m_ObjectHideFlags: 3
  m_CorrespondingSourceObject: {fileID: 0}
  m_PrefabInstance: {fileID: 0}
  m_PrefabAsset: {fileID: 0}
  m_Name: 
  m_EffectID: 631e15a387780e948ae5c3b66d9fc8e7
  m_EffectName: SFX Reverb
  m_MixLevel: 4c2b833f0978acc47ad1ec5e91fe04f6
  m_Parameters:
  - m_ParameterName: Dry Level
    m_GUID: 7b32de5f9acc0ad4fb0e23dc6ec11a30
  - m_ParameterName: Room
    m_GUID: 54c24242f3775b7429642795173e2acc
  - m_ParameterName: Room HF
    m_GUID: 88931adc08bcb8340bbaa283116438d3
  - m_ParameterName: Decay Time
    m_GUID: a5df9c57faa93794888b8c39d1ef96f3
  - m_ParameterName: Decay HF Ratio
    m_GUID: fc163eef98fc0694398b96f4b3b29f68
  - m_ParameterName: Reflections
    m_GUID: bb171f413ac0d544c89394cf426260cd
  - m_ParameterName: Reflect Delay
    m_GUID: 7208b48ab24299f4ca4ca56d7a65024e
  - m_ParameterName: Reverb
    m_GUID: 7aff2f2151b8f094995582ee9ea1920c
  - m_ParameterName: Reverb Delay
    m_GUID: 38531092e4394dc4693188efad87cdc1
  - m_ParameterName: Diffusion
    m_GUID: 65d229531dc561a4bb858c8179f9cd28
  - m_ParameterName: Density
    m_GUID: 496a94ba223a7c743a68be7455c5d261
  - m_ParameterName: HF Reference
    m_GUID: 1dee9ee03e717b94b84dd6de41831251
  - m_ParameterName: Room LF
    m_GUID: 1af84c0157955ca4b8e45fd167eca305
  - m_ParameterName: LF Reference
    m_GUID: e5770c68ca025f54da48c2c718e97484
  m_SendTarget: {fileID: 0}
  m_EnableWetMix: 0
  m_Bypass: 0
--- !u!244 &-4346905303284015645
AudioMixerEffectController:
  m_ObjectHideFlags: 3
  m_CorrespondingSourceObject: {fileID: 0}
  m_PrefabInstance: {fileID: 0}
  m_PrefabAsset: {fileID: 0}
  m_Name: 
  m_EffectID: b245dcdf226a3ff4197209515535ca05
  m_EffectName: SFX Reverb
  m_MixLevel: f3b9ac24126ddf34fbb4e9d35bc5ab6f
  m_Parameters:
  - m_ParameterName: Dry Level
    m_GUID: ffd6649c13b207a4897f904e0420160f
  - m_ParameterName: Room
    m_GUID: a4989cac52d69ee4ea3fef457db46404
  - m_ParameterName: Room HF
    m_GUID: 7c2e93ee464a2f946bb9bc6d1e538c35
  - m_ParameterName: Decay Time
    m_GUID: 90ada7252fc223a4d9b7fce97b8389b3
  - m_ParameterName: Decay HF Ratio
    m_GUID: d536a178be73d694aa3ddf839dc2fc3d
  - m_ParameterName: Reflections
    m_GUID: f473b90931cfc6a459d701949ea25f17
  - m_ParameterName: Reflect Delay
    m_GUID: 95abc142d678d2f409d0654ac14ebc43
  - m_ParameterName: Reverb
    m_GUID: 41402fc4dac3a8c4bba672e191e42e2f
  - m_ParameterName: Reverb Delay
    m_GUID: 128f83e12da040848aafa42b25839521
  - m_ParameterName: Diffusion
    m_GUID: ae654d04cff2b3542b2af60bb82714f4
  - m_ParameterName: Density
    m_GUID: 89bc3ad280449d04e87af4ae216eea6e
  - m_ParameterName: HF Reference
    m_GUID: 95007474f698ac34eb9529ae6fd0dc34
  - m_ParameterName: Room LF
    m_GUID: 063bf91d76b04bd4aa6ce9ea4111272f
  - m_ParameterName: LF Reference
    m_GUID: 20db2730b2296394c803aafdc831e298
  m_SendTarget: {fileID: 0}
  m_EnableWetMix: 0
  m_Bypass: 0
--- !u!241 &24100000
AudioMixerController:
  m_ObjectHideFlags: 0
  m_CorrespondingSourceObject: {fileID: 0}
  m_PrefabInstance: {fileID: 0}
  m_PrefabAsset: {fileID: 0}
  m_Name: Main
  m_OutputGroup: {fileID: 0}
  m_MasterGroup: {fileID: 24300002}
  m_Snapshots:
  - {fileID: 24500006}
  m_StartSnapshot: {fileID: 24500006}
  m_SuspendThreshold: -80
  m_EnableSuspend: 1
  m_UpdateMode: 0
  m_ExposedParameters:
  - guid: 149cf2503e9dcad418f729c2ea46a79b
    name: Volume
  m_AudioMixerGroupViews:
  - guids:
    - 1a0fde6ef57a1534e9979e5ad2932f74
    - 10d9944bd88b3c94d815f46b8f28569b
    - 95fc5111c36ec584387338326851fec3
    name: View
  m_CurrentViewIndex: 0
  m_TargetSnapshot: {fileID: 24500006}
--- !u!243 &24300002
AudioMixerGroupController:
  m_ObjectHideFlags: 0
  m_CorrespondingSourceObject: {fileID: 0}
  m_PrefabInstance: {fileID: 0}
  m_PrefabAsset: {fileID: 0}
  m_Name: Master
  m_AudioMixer: {fileID: 24100000}
  m_GroupID: 1a0fde6ef57a1534e9979e5ad2932f74
  m_Children:
  - {fileID: 260058842711164994}
  - {fileID: -7701005429411593481}
  m_Volume: 6f3d849286ffefa4598395484d519e68
  m_Pitch: 956b827fd8f2a7540b6bdfa3c2ca5bd4
  m_Send: 00000000000000000000000000000000
  m_Effects:
  - {fileID: 24400004}
  m_UserColorIndex: 0
  m_Mute: 0
  m_Solo: 0
  m_BypassEffects: 0
--- !u!244 &24400004
AudioMixerEffectController:
  m_ObjectHideFlags: 3
  m_CorrespondingSourceObject: {fileID: 0}
  m_PrefabInstance: {fileID: 0}
  m_PrefabAsset: {fileID: 0}
  m_Name: 
  m_EffectID: 62cb63dd3f7803a4d9a26f6581da4135
  m_EffectName: Attenuation
  m_MixLevel: 92579e311e2b8bf4da0ddc6ea026673f
  m_Parameters: []
  m_SendTarget: {fileID: 0}
  m_EnableWetMix: 0
  m_Bypass: 0
--- !u!245 &24500006
AudioMixerSnapshotController:
  m_ObjectHideFlags: 0
  m_CorrespondingSourceObject: {fileID: 0}
  m_PrefabInstance: {fileID: 0}
  m_PrefabAsset: {fileID: 0}
  m_Name: Snapshot
  m_AudioMixer: {fileID: 24100000}
  m_SnapshotID: a7cc61a5fd6a7ef499d44cad8c083d6f
  m_FloatValues:
    dbc8fd12f0825204199bc17ac45785eb: 175.7
    95abc142d678d2f409d0654ac14ebc43: 0.0496
    d9ed3a74e3c54544fbcc62682bcbf167: 0
    90ada7252fc223a4d9b7fce97b8389b3: 19.3
    d536a178be73d694aa3ddf839dc2fc3d: 1.438
    f473b90931cfc6a459d701949ea25f17: -7977
    2c9ebf59e42be1e4eae965acd57abd29: 1
    625511c90503f014c828692a7e249bb0: 9056
    4395614a98265be459f495cbe0ed3af5: 983
    a4989cac52d69ee4ea3fef457db46404: -1466
    5658d18ec2e15fa4790930765e50287b: 0
    7c2e93ee464a2f946bb9bc6d1e538c35: 0
  m_TransitionOverrides: {}
--- !u!243 &260058842711164994
AudioMixerGroupController:
  m_ObjectHideFlags: 0
  m_CorrespondingSourceObject: {fileID: 0}
  m_PrefabInstance: {fileID: 0}
  m_PrefabAsset: {fileID: 0}
  m_Name: sfx
  m_AudioMixer: {fileID: 24100000}
  m_GroupID: 10d9944bd88b3c94d815f46b8f28569b
  m_Children: []
  m_Volume: 149cf2503e9dcad418f729c2ea46a79b
  m_Pitch: 574e43e16d879fb49881aac43e64e3c0
  m_Send: 00000000000000000000000000000000
  m_Effects:
  - {fileID: 904522924630165948}
  - {fileID: -4346905303284015645}
  m_UserColorIndex: 0
  m_Mute: 0
  m_Solo: 0
  m_BypassEffects: 0
--- !u!244 &904522924630165948
AudioMixerEffectController:
  m_ObjectHideFlags: 3
  m_CorrespondingSourceObject: {fileID: 0}
  m_PrefabInstance: {fileID: 0}
  m_PrefabAsset: {fileID: 0}
  m_Name: 
  m_EffectID: 88c2a36d973b6a8478aaef42941171ba
  m_EffectName: Attenuation
  m_MixLevel: e092e23d0b6bb5a4f9df4424baf446e9
  m_Parameters: []
  m_SendTarget: {fileID: 0}
  m_EnableWetMix: 0
  m_Bypass: 0
--- !u!244 &1226391112898067542
AudioMixerEffectController:
  m_ObjectHideFlags: 3
  m_CorrespondingSourceObject: {fileID: 0}
  m_PrefabInstance: {fileID: 0}
  m_PrefabAsset: {fileID: 0}
  m_Name: 
  m_EffectID: d5b1f6efe56ed5d42bdfcb1894ca7d35
  m_EffectName: Attenuation
  m_MixLevel: 0d089aa4fe6add441afd57c6cf1c9ea5
  m_Parameters: []
  m_SendTarget: {fileID: 0}
  m_EnableWetMix: 0
  m_Bypass: 0
--- !u!244 &4289415104604509874
AudioMixerEffectController:
  m_ObjectHideFlags: 3
  m_CorrespondingSourceObject: {fileID: 0}
  m_PrefabInstance: {fileID: 0}
  m_PrefabAsset: {fileID: 0}
  m_Name: 
  m_EffectID: 37dc43c0cc9cd904794c75b4120227ef
  m_EffectName: Normalize
  m_MixLevel: fd2b93f22e2a6714fae296ad64fca17f
  m_Parameters:
  - m_ParameterName: Fade in time
    m_GUID: 5658d18ec2e15fa4790930765e50287b
  - m_ParameterName: Lowest volume
    m_GUID: 2c9ebf59e42be1e4eae965acd57abd29
  - m_ParameterName: Maximum amp
    m_GUID: 625511c90503f014c828692a7e249bb0
  m_SendTarget: {fileID: 0}
  m_EnableWetMix: 0
  m_Bypass: 0
--- !u!244 &8517629238719581810
AudioMixerEffectController:
  m_ObjectHideFlags: 3
  m_CorrespondingSourceObject: {fileID: 0}
  m_PrefabInstance: {fileID: 0}
  m_PrefabAsset: {fileID: 0}
  m_Name: 
  m_EffectID: 54e398cddca1b6e4185ee6ece70a771d
  m_EffectName: Compressor
  m_MixLevel: 9d7815c7836b8504eb6e5ec393498425
  m_Parameters:
  - m_ParameterName: Threshold
    m_GUID: 048cebd5303d0d6419134ede07b9a2d3
  - m_ParameterName: Attack
    m_GUID: dbc8fd12f0825204199bc17ac45785eb
  - m_ParameterName: Release
    m_GUID: 4395614a98265be459f495cbe0ed3af5
  - m_ParameterName: Make up gain
    m_GUID: d9ed3a74e3c54544fbcc62682bcbf167
  m_SendTarget: {fileID: 0}
  m_EnableWetMix: 0
  m_Bypass: 0
